@phdthesis{harte2010towards,
  title = {{Towards automatic extraction of harmony information from music signals}},
  author = {Harte, Christopher},
  year = {2010},
  school = {Department of Electronic Engineering, Queen Mary, University of London},
}
